<?xml version="1.0" encoding="UTF-8"?><collection xmlns="http://www.loc.gov/MARC21/slim"><record><leader>00351nam--2200109-i-4500</leader><controlfield tag="001">000026372</controlfield><controlfield tag="002">20161230</controlfield><controlfield tag="005">20161230201036</controlfield><controlfield tag="008">060222s1000------------r-----000-0-eng-d</controlfield><datafield ind1=" " ind2=" " tag="245"><subfield code="a">Instructiuni 179-63 pentru verificarea generatoarelor de laborator pentru radiorecvente pina la 30mhz</subfield></datafield><datafield ind1=" " ind2=" " tag="260"><subfield code="a">Bucuresti, Of.De Stat Pt.Metrologie, 1963. 28p</subfield></datafield><datafield ind1=" " ind2=" " tag="852"><subfield code="a">9479</subfield></datafield></record></collection>